@inproceedings{dourish1992portholes,
  title={Portholes: Supporting awareness in a distributed work group},
  author={Dourish, Paul and Bly, Sara},
  booktitle={Proceedings of the SIGCHI conference on Human factors in computing systems},
  pages={541--547},
  year={1992}
}

@article{stray2016daily,
  title={The daily stand-up meeting: A grounded theory study},
  author={Stray, Viktoria and Sj{\o}berg, Dag IK and Dyb{\aa}, Tore},
  journal={Journal of Systems and Software},
  volume={114},
  pages={101--124},
  year={2016},
  publisher={Elsevier}
}

@misc{Gravitysketch,
  author = {Gravity Sketch},
  title = {Gravity Sketch},
  year = {2024},
  url = {https://gravitysketch.com/},
  note = {Accessed: 2024-10-26}
}

@inproceedings{buschel2021miria,
  title={Miria: A mixed reality toolkit for the in-situ visualization and analysis of spatio-temporal interaction data},
  author={B{\"u}schel, Wolfgang and Lehmann, Anke and Dachselt, Raimund},
  booktitle={Proceedings of the 2021 CHI conference on human factors in computing systems},
  pages={1--15},
  year={2021}
}

@article{wellner1993digitaldesk,
  title={Interacting with paper on the DigitalDesk},
  author={Wellner, Pierre},
  journal={Communications of the ACM},
  volume={36},
  number={7},
  pages={87--96},
  year={1993},
  publisher={ACM New York, NY, USA}
}

@inproceedings{he2020collabovr,
  title={Collabovr: A reconfigurable framework for creative collaboration in virtual reality},
  author={He, Zhenyi and Du, Ruofei and Perlin, Ken},
  booktitle={2020 IEEE International Symposium on Mixed and Augmented Reality (ISMAR)},
  pages={542--554},
  year={2020},
  organization={IEEE}
}

@article{wang2023behere,
  title={BeHere: a VR/SAR remote collaboration system based on virtual replicas sharing gesture and avatar in a procedural task},
  author={Wang, Peng and Wang, Yue and Billinghurst, Mark and Yang, Huizhen and Xu, Peng and Li, Yanhong},
  journal={Virtual Reality},
  volume={27},
  number={2},
  pages={1409--1430},
  year={2023},
  publisher={Springer}
}

@inproceedings{tang2001awarenex,
  title={ConNexus to Awarenex: Extending awareness to mobile users},
  author={Tang, John C and Yankelovich, Nicole and Begole, James and Van Kleek, Max and Li, Francis and Bhalodia, Janak},
  booktitle={Proceedings of the SIGCHI conference on Human factors in computing systems},
  pages={221--228},
  year={2001}
}

@inproceedings{monastero2018traces,
  title={Traces: Studying a public reactive floor-projection of walking trajectories to support social awareness},
  author={Monastero, Beatrice and McGookin, David K},
  booktitle={Proceedings of the 2018 CHI Conference on Human Factors in Computing Systems},
  pages={1--13},
  year={2018}
}

@inproceedings{hu2022fluidmeet,
  title={FluidMeet: Enabling Frictionless Transitions Between In-Group, Between-Group, and Private Conversations During Virtual Breakout Meetings},
  author={Hu, Erzhen and Azim, Md Aashikur Rahman and Heo, Seongkook},
  booktitle={Proceedings of the 2022 CHI Conference on Human Factors in Computing Systems},
  pages={1--17},
  year={2022}
}

@misc{monday,
  author = {Monday},
  title = {monday.com | A new way of working},
  year = {2024},
  url = {https://monday.com},
  note = {Accessed: 2024-10-27}
}

@inproceedings{kim2017mosaic,
  title={Mosaic: designing online creative communities for sharing works-in-progress},
  author={Kim, Joy and Agrawala, Maneesh and Bernstein, Michael S},
  booktitle={Proceedings of the 2017 ACM conference on computer supported cooperative work and social computing},
  pages={246--258},
  year={2017}
}

@article{ye2021adjusting,
  title={Adjusting to a Distributed Collaborative Design Process During the COVID-19 Pandemic},
  author={Ye, Xinhui and Frens, Joep and Hu, Jun},
  journal={IEEE Pervasive Computing},
  volume={20},
  number={4},
  pages={9--17},
  year={2021},
  publisher={IEEE}
}

@article{hook2012strong,
  title={Strong concepts: Intermediate-level knowledge in interaction design research},
  author={H{\"o}{\"o}k, Kristina and L{\"o}wgren, Jonas},
  journal={ACM Transactions on Computer-Human Interaction (TOCHI)},
  volume={19},
  number={3},
  pages={1--18},
  year={2012},
  publisher={ACM New York, NY, USA}
}

@article{sauerwein2018annotated,
  title={Annotated portfolios as a method to analyse interviews},
  author={Sauerwein, Marita and Bakker, Conny and Balkenende, Ruud},
  journal={DRS International Conference 2018},
  year={2018}
}